<record><leader>00000cas a22000007a 4500</leader><controlfield tag="001">8801437</controlfield><controlfield tag="008">820923c18809999ksucr ne      0   a0eng  </controlfield><datafield ind1=" " ind2=" " tag="010"><subfield code="a">sn 82015080 </subfield></datafield><datafield ind1=" " ind2=" " tag="040"><subfield code="a">DLC</subfield><subfield code="b">eng</subfield><subfield code="c">DLC</subfield><subfield code="d">NPT</subfield><subfield code="d">DLC</subfield><subfield code="d">NSD</subfield><subfield code="d">OBN</subfield><subfield code="d">OCLCQ</subfield><subfield code="d">OCLCO</subfield><subfield code="d">OCLCQ</subfield><subfield code="d">OCLCF</subfield><subfield code="d">DLC</subfield></datafield><datafield ind1=" " ind2=" " tag="012"><subfield code="j">0</subfield><subfield code="m">1</subfield></datafield><datafield ind1="1" ind2=" " tag="022"><subfield code="a">1060-300X</subfield><subfield code="l">1060-300X</subfield><subfield code="2">1</subfield></datafield><datafield ind1=" " ind2=" " tag="032"><subfield code="a">044220</subfield><subfield code="b">USPS</subfield></datafield><datafield ind1=" " ind2=" " tag="037"><subfield code="b">Barber County Index, POB 349, Medicine Lodge, KS 67104</subfield></datafield><datafield ind1=" " ind2=" " tag="042"><subfield code="a">msc</subfield><subfield code="a">nsdp</subfield></datafield><datafield ind1=" " ind2=" " tag="043"><subfield code="a">n-us-ks</subfield></datafield><datafield ind1="0" ind2="0" tag="050"><subfield code="a">Newspaper 7852</subfield></datafield><datafield ind1=" " ind2="0" tag="222"><subfield code="a">Barber County index</subfield></datafield><datafield ind1="0" ind2="0" tag="245"><subfield code="a">Barbour County index.</subfield></datafield><datafield ind1="3" ind2="0" tag="246"><subfield code="a">Barber County index</subfield></datafield><datafield ind1=" " ind2=" " tag="260"><subfield code="a">Medicine Lodge, Kan. :</subfield><subfield code="b">[s.n.]</subfield></datafield><datafield ind1=" " ind2=" " tag="300"><subfield code="a">v. :</subfield><subfield code="b">ill. ;</subfield><subfield code="c">63 cm.</subfield></datafield><datafield ind1=" " ind2=" " tag="310"><subfield code="a">Semiweekly,</subfield><subfield code="b">&lt;Nov. 13, 1991-&gt;</subfield></datafield><datafield ind1=" " ind2=" " tag="321"><subfield code="a">Weekly,</subfield><subfield code="b">&lt;Dec. 16, 1880-&gt;</subfield></datafield><datafield ind1="1" ind2=" " tag="362"><subfield code="a">Began with June 10, 1880 issue.</subfield></datafield><datafield ind1=" " ind2=" " tag="500"><subfield code="a">Published as Barber County index, Apr. 27, 1883-</subfield></datafield><datafield ind1=" " ind2=" " tag="500"><subfield code="a">Oct. 5, 1961 called also Indian peace treaty ed.</subfield></datafield><datafield ind1=" " ind2=" " tag="500"><subfield code="a">Editor: M.L. Sherpy, &lt;Dec. 16, 1880-&gt;</subfield></datafield><datafield ind1=" " ind2=" " tag="530"><subfield code="a">Archived issues are available in digital format from the Library of Congress Chronicling America online collection.</subfield></datafield><datafield ind1=" " ind2=" " tag="588"><subfield code="a">Description based on: Vol. 1, no. 28 (Dec. 16, 1880).</subfield></datafield><datafield ind1=" " ind2=" " tag="588"><subfield code="a">Latest issue consulted: 111th year, 33rd week (Nov. 13, 1991).</subfield></datafield><datafield ind1=" " ind2="0" tag="651"><subfield code="a">Medicine Lodge (Kan.)</subfield><subfield code="v">Newspapers.</subfield></datafield><datafield ind1=" " ind2="0" tag="651"><subfield code="a">Barber County (Kan.)</subfield><subfield code="v">Newspapers.</subfield></datafield><datafield ind1=" " ind2="7" tag="651"><subfield code="a">Kansas</subfield><subfield code="z">Barber County.</subfield><subfield code="2">fast</subfield><subfield code="0">(OCoLC)fst01214709</subfield></datafield><datafield ind1=" " ind2="7" tag="651"><subfield code="a">Kansas</subfield><subfield code="z">Medicine Lodge.</subfield><subfield code="2">fast</subfield><subfield code="0">(OCoLC)fst01214710</subfield></datafield><datafield ind1=" " ind2="7" tag="655"><subfield code="a">Newspapers.</subfield><subfield code="2">fast</subfield><subfield code="0">(OCoLC)fst01423814</subfield></datafield><datafield ind1="1" ind2=" " tag="700"><subfield code="a">Sherpy, M. L.</subfield></datafield><datafield ind1=" " ind2=" " tag="752"><subfield code="a">United States</subfield><subfield code="b">Kansas</subfield><subfield code="c">Barber</subfield><subfield code="d">Medicine Lodge.</subfield></datafield><datafield ind1="0" ind2="5" tag="780"><subfield code="t">Medicine Lodge cresset</subfield><subfield code="g">Sept. 1917</subfield><subfield code="w">(DLC)sn 83040223</subfield></datafield><datafield ind1="0" ind2="5" tag="780"><subfield code="t">Medicine Lodge republican</subfield><subfield code="g">Aug. 1919</subfield><subfield code="w">(DLC)sn 83040257</subfield></datafield><datafield ind1="4" ind2="1" tag="856"><subfield code="u">http://www.loc.gov/chroniclingamerica/lccn/sn82015080/issues</subfield></datafield><datafield ind1="1" ind2=" " tag="029"><subfield code="a">AU@</subfield><subfield code="b">000025826891</subfield></datafield></record>